[
    {
        "start_date": "2021-12-31T00:00:00",
        "end_date": "2022-03-31T00:00:00",
        "sales of products": -3968000000,
        "Sales of services and other": 1216000000,
        "Total revenues": 6965000000,
        "Cost of services and other": -716000000,
        "Total cost of sales": -4684000000,
        "Gross profit": 2281000000,
        "Selling, general and administrative expenses": -1239000000,
        "Non-order related research and development expenses": -277000000,
        "Other income (expense), net": 92000000,
        "Income from operations": 857000000,
        "Interest and dividend income": 13000000,
        "Interest and other finance expense": -22000000,
        "Non-operational pension (cost) credit": 36000000,
        "Income from continuing operations before taxes": 884000000,
        "Income tax expense": -241000000,
        "Income from continuing operations, net of tax": 615000000,
        "Loss from discontinued operations, net of tax": -11000000,
        "Net income": 604000000,
        "null": 1953000000
    },
    {
        "start_date": "2021-09-30T00:00:00",
        "end_date": "2021-12-31T00:00:00",
        "sales of products": -4275000000,
        "Sales of services and other": 1466000000,
        "Total revenues": 7567000000,
        "Cost of services and other": -895000000,
        "Total cost of sales": -5170000000,
        "Gross profit": 2397000000,
        "Selling, general and administrative expenses": -1354000000,
        "Non-order related research and development expenses": -322000000,
        "Other income (expense), net": 2254000000,
        "Income from operations": 2975000000,
        "Interest and dividend income": 14000000,
        "Interest and other finance expense": -40000000,
        "Non-operational pension (cost) credit": 36000000,
        "Income from continuing operations before taxes": 2985000000,
        "Income tax expense": -282000000,
        "Income from continuing operations, net of tax": 2674000000,
        "null": 1991000000,
        "Net income": 2640000000
    },
    {
        "start_date": "2021-06-30T00:00:00",
        "end_date": "2021-09-30T00:00:00",
        "sales of products": -3981000000,
        "Sales of services and other": 1258000000,
        "Total revenues": 7028000000,
        "Cost of services and other": -753000000,
        "Total cost of sales": -4734000000,
        "Gross profit": 2294000000,
        "Selling, general and administrative expenses": -1231000000,
        "Non-order related research and development expenses": -296000000,
        "Other income (expense), net": 85000000,
        "Income from operations": 852000000,
        "Interest and dividend income": 11000000,
        "Interest and other finance expense": -17000000,
        "Non-operational pension (cost) credit": 42000000,
        "null": 2019000000,
        "Income tax expense": -201000000,
        "Net income": 652000000
    },
    {
        "start_date": "2021-03-30T00:00:00",
        "end_date": "2021-06-30T00:00:00",
        "sales of products": -4184000000,
        "Sales of services and other": 1282000000,
        "Total revenues": 7449000000,
        "Cost of services and other": -757000000,
        "Total cost of sales": -4941000000,
        "Gross profit": 2508000000,
        "Selling, general and administrative expenses": -1314000000,
        "Non-order related research and development expenses": -308000000,
        "Other income (expense), net": 208000000,
        "null": 2031000000,
        "Income from operations": 1094000000,
        "Interest and dividend income": 15000000,
        "Interest and other finance expense": -36000000,
        "Non-operational pension (cost) credit": 38000000,
        "Income from continuing operations before taxes": 1111000000,
        "Income tax expense": -322000000,
        "Income from continuing operations, net of tax": 760000000,
        "Net income": 752000000
    },
    {
        "start_date": "2020-12-31T00:00:00",
        "end_date": "2021-03-31T00:00:00",
        "sales of products": -3924000000,
        "Sales of services and other": 1194000000,
        "Total revenues": 6901000000,
        "Cost of services and other": -709000000,
        "Total cost of sales": -4633000000,
        "Gross profit": 2268000000,
        "Selling, general and administrative expenses": -1263000000,
        "Non-order related research and development expenses": -293000000,
        "Other income (expense), net": 85000000,
        "Income from operations": 797000000,
        "Interest and dividend income": 11000000,
        "Interest and other finance expense": -55000000,
        "Non-operational pension (cost) credit": 50000000,
        "Income from continuing operations before taxes": 803000000,
        "Income tax expense": -252000000,
        "Income from continuing operations, net of tax": 530000000,
        "null": 2034000000,
        "Net income": 502000000
    },
    {
        "start_date": "2020-09-30T00:00:00",
        "end_date": "2020-12-31T00:00:00",
        "sales of products": -4182000000,
        "Sales of services and other": 1359000000,
        "Total revenues": 7182000000,
        "Cost of services and other": -853000000,
        "Total cost of sales": -5035000000,
        "Gross profit": 2147000000,
        "Selling, general and administrative expenses": -1271000000,
        "Non-order related research and development expenses": -336000000,
        "Other income (expense), net": 38000000,
        "Income from operations": 578000000,
        "Interest and dividend income": 12000000,
        "Interest and other finance expense": -49000000,
        "null": 2071000000,
        "Non-operational pension (cost) credit": -129000000,
        "Income from continuing operations before taxes": 250000000,
        "Income tax expense": -123000000,
        "Income from continuing operations, net of tax": 104000000,
        "Net income": -79000000
    },
    {
        "start_date": "2020-06-30T00:00:00",
        "end_date": "2020-09-30T00:00:00",
        "sales of products": -4008000000,
        "Sales of services and other": 1219000000,
        "Total revenues": 6582000000,
        "Cost of services and other": -740000000,
        "Total cost of sales": -4748000000,
        "Gross profit": 1834000000,
        "Selling, general and administrative expenses": -1192000000,
        "Non-order related research and development expenses": -270000000,
        "null": 2119000000,
        "Other income (expense), net": 10000000,
        "Income from operations": 71000000,
        "Interest and dividend income": 12000000,
        "Interest and other finance expense": -79000000,
        "Non-operational pension (cost) credit": -343000000,
        "Income tax expense": -164000000,
        "Net income": 4530000000
    },
    {
        "start_date": "",
        "end_date": ""
    },
    {
        "start_date": "2019-12-31T00:00:00",
        "end_date": "2020-03-31T00:00:00",
        "sales of products": -3575000000,
        "Sales of services and other": 1223000000,
        "Total revenues": 6216000000,
        "Cost of services and other": -731000000,
        "Total cost of sales": -4306000000,
        "Gross profit": 1910000000,
        "Selling, general and administrative expenses": -1252000000,
        "Non-order related research and development expenses": -259000000,
        "Other income (expense), net": -26000000,
        "Income from operations": 373000000,
        "Interest and dividend income": 18000000,
        "Interest and other finance expense": -22000000,
        "Non-operational pension (cost) credit": 36000000,
        "Income from continuing operations before taxes": 405000000,
        "null": 2138000000,
        "Income from continuing operations, net of tax": 325000000,
        "Net income": 376000000
    },
    {
        "start_date": "2019-09-30T00:00:00",
        "end_date": "2019-12-31T00:00:00",
        "sales of products": -3960000000,
        "Sales of services and other": 1471000000,
        "Total revenues": 7068000000,
        "Cost of services and other": -901000000,
        "Total cost of sales": -4861000000,
        "Gross profit": 2207000000,
        "Selling, general and administrative expenses": -1365000000,
        "Non-order related research and development expenses": -332000000,
        "Other income (expense), net": 138000000,
        "Income from operations": 648000000,
        "Interest and dividend income": 10000000,
        "Interest and other finance expense": -36000000,
        "Non-operational pension (cost) credit": 5000000,
        "Income from continuing operations before taxes": 627000000,
        "null": 2137000000,
        "Income from continuing operations, net of tax": 291000000,
        "Net income": 325000000
    },
    {
        "start_date": "2019-06-30T00:00:00",
        "end_date": "2019-09-30T00:00:00",
        "sales of products": -3905000000,
        "Sales of services and other": 1327000000,
        "Total revenues": 6892000000,
        "Cost of services and other": -797000000,
        "Total cost of sales": -4702000000,
        "Gross profit": 2190000000,
        "Selling, general and administrative expenses": -1298000000,
        "Non-order related research and development expenses": -283000000,
        "Other income (expense), net": -32000000,
        "Income from operations": 577000000,
        "Interest and dividend income": 20000000,
        "Interest and other finance expense": -56000000,
        "Non-operational pension (cost) credit": 23000000,
        "Income from continuing operations before taxes": 564000000,
        "null": 2135000000,
        "Income from continuing operations, net of tax": 427000000,
        "Net income": 515000000
    },
    {
        "start_date": "2019-03-30T00:00:00",
        "end_date": "2019-06-30T00:00:00",
        "sales of products": -4069000000,
        "Sales of services and other": 1339000000,
        "Total revenues": 7171000000,
        "Cost of services and other": -802000000,
        "Total cost of sales": -4871000000,
        "Gross profit": 2300000000,
        "Selling, general and administrative expenses": -1429000000,
        "Non-order related research and development expenses": -298000000,
        "Other income (expense), net": -450000000,
        "Income from operations": 123000000,
        "Interest and dividend income": 18000000,
        "Interest and other finance expense": -61000000,
        "Non-operational pension (cost) credit": 21000000,
        "Income from continuing operations before taxes": 101000000,
        "null": 2132000000,
        "Net income": 64000000
    },
    {
        "start_date": "2018-12-31T00:00:00",
        "end_date": "2019-03-31T00:00:00",
        "sales of products": -3877000000,
        "Sales of services and other": 1287000000,
        "Total revenues": 6847000000,
        "Cost of services and other": -761000000,
        "Total cost of sales": -4638000000,
        "Gross profit": 2209000000,
        "Selling, general and administrative expenses": -1355000000,
        "Non-order related research and development expenses": -285000000,
        "Other income (expense), net": 21000000,
        "Income from operations": 590000000,
        "Interest and dividend income": 19000000,
        "Interest and other finance expense": -62000000,
        "Non-operational pension (cost) credit": 23000000,
        "Income from continuing operations before taxes": 570000000,
        "null": 2134000000,
        "Income from continuing operations, net of tax": 397000000,
        "Net income": 535000000
    },
    {
        "start_date": "2018-09-30T00:00:00",
        "end_date": "2018-12-31T00:00:00",
        "sales of products": -4388000000,
        "Sales of services and other": 1507000000,
        "Total revenues": 7395000000,
        "Cost of services and other": -920000000,
        "Total cost of sales": -5308000000,
        "Gross profit": 2087000000,
        "Selling, general and administrative expenses": -1459000000,
        "Non-order related research and development expenses": -331000000,
        "Other income (expense), net": -22000000,
        "Income from operations": 275000000,
        "Interest and dividend income": 11000000,
        "Interest and other finance expense": -66000000,
        "Non-operational pension (cost) credit": 6000000,
        "Income from continuing operations before taxes": 226000000,
        "null": 2134000000,
        "Income from continuing operations, net of tax": 204000000,
        "Net income": 317000000
    },
    {
        "start_date": "2018-06-30T00:00:00",
        "end_date": "2018-09-30T00:00:00",
        "sales of products": -5576000000,
        "Sales of services and other": 1697000000,
        "Total revenues": 9257000000,
        "Cost of services and other": -1014000000,
        "Total cost of sales": -6590000000,
        "Gross profit": 2667000000,
        "Selling, general and administrative expenses": -1553000000,
        "Non-order related research and development expenses": -328000000,
        "Other income (expense), net": 122000000,
        "Income from operations": 908000000,
        "Interest and dividend income": 13000000,
        "Interest and other finance expense": -91000000,
        "Non-operational pension (cost) credit": 29000000,
        "Income from continuing operations before taxes": 859000000,
        "null": 2138000000,
        "Income from continuing operations, net of tax": 603000000,
        "Net income": 603000000
    },
    {
        "start_date": "2018-03-30T00:00:00",
        "end_date": "2018-06-30T00:00:00",
        "sales of products": -5137000000,
        "Sales of services and other": 1713000000,
        "Total revenues": 8889000000,
        "Cost of services and other": -1023000000,
        "Total cost of sales": -6160000000,
        "Gross profit": 2729000000,
        "Selling, general and administrative expenses": -1432000000,
        "Non-order related research and development expenses": -346000000,
        "Other income (expense), net": 11000000,
        "Income from operations": 962000000,
        "Interest and dividend income": 28000000,
        "Interest and other finance expense": -45000000,
        "Non-operational pension (cost) credit": 28000000,
        "Income from continuing operations before taxes": 973000000,
        "null": 2138000000,
        "Income from continuing operations, net of tax": 673000000,
        "Net income": 681000000
    },
    {
        "start_date": "2017-12-31T00:00:00",
        "end_date": "2018-03-31T00:00:00",
        "sales of products": -4972000000,
        "Sales of services and other": 1591000000,
        "Total revenues": 8627000000,
        "Cost of services and other": -947000000,
        "Total cost of sales": -5919000000,
        "Gross profit": 2708000000,
        "Selling, general and administrative expenses": -1470000000,
        "Non-order related research and development expenses": -353000000,
        "Other income (expense), net": 10000000,
        "Income from operations": 895000000,
        "Interest and dividend income": 23000000,
        "Interest and other finance expense": -108000000,
        "Non-operational pension (cost) credit": 30000000,
        "Income from continuing operations before taxes": 840000000,
        "null": 2145000000,
        "Income from continuing operations, net of tax": 577000000,
        "Loss from discontinued operations, net of tax": -5000000,
        "Net income": 572000000
    },
    {
        "start_date": "2017-09-30T00:00:00",
        "end_date": "2017-12-31T00:00:00",
        "sales of products": -5525000000,
        "Sales of services and other": 1833000000,
        "Total revenues": 9280000000,
        "Cost of services and other": -1130000000,
        "Total cost of sales": -6655000000,
        "Gross profit": 2625000000,
        "Selling, general and administrative expenses": -1533000000,
        "Non-order related research and development expenses": -398000000,
        "Other income (expense), net": -82000000,
        "Income from operations": 612000000,
        "Interest and dividend income": 19000000,
        "Interest and other finance expense": -50000000,
        "Income from continuing operations before taxes": 581000000,
        "null": 2150000000,
        "Income from continuing operations, net of tax": 393000000,
        "Net income": 393000000
    },
    {
        "start_date": "2017-06-30T00:00:00",
        "end_date": "2017-09-30T00:00:00",
        "sales of products": -5145000000,
        "null": 2142000000,
        "Total revenues": 8724000000,
        "Total cost of sales": -6055000000,
        "Gross profit": 2669000000,
        "Selling, general and administrative expenses": -1396000000,
        "Non-order related research and development expenses": -357000000,
        "Other income (expense), net": -8000000,
        "Income from operations": 908000000,
        "Interest and dividend income": 20000000,
        "Interest and other finance expense": -74000000,
        "Income from continuing operations before taxes": 854000000,
        "Income from continuing operations, net of tax": 576000000,
        "Net income": 571000000
    },
    {
        "start_date": "2017-03-30T00:00:00",
        "end_date": "2017-06-30T00:00:00",
        "sales of products": -4981000000,
        "null": 2151000000,
        "Total revenues": 8454000000,
        "Total cost of sales": -5855000000,
        "Gross profit": 2599000000,
        "Selling, general and administrative expenses": -1367000000,
        "Non-order related research and development expenses": -319000000,
        "Other income (expense), net": -29000000,
        "Income from operations": 884000000,
        "Interest and dividend income": 18000000,
        "Interest and other finance expense": -74000000,
        "Income from continuing operations before taxes": 828000000,
        "Income from continuing operations, net of tax": 524000000,
        "Net income": 525000000
    },
    {
        "start_date": "2016-12-31T00:00:00",
        "end_date": "2017-03-31T00:00:00",
        "sales of products": -4662000000,
        "null": 2148000000,
        "Total revenues": 7854000000,
        "Total cost of sales": -5481000000,
        "Gross profit": 2373000000,
        "Selling, general and administrative expenses": -1311000000,
        "Non-order related research and development expenses": -291000000,
        "Other income (expense), net": 259000000,
        "Income from operations": 1030000000,
        "Interest and dividend income": 17000000,
        "Interest and other finance expense": -79000000,
        "Income from continuing operations before taxes": 968000000,
        "Income from continuing operations, net of tax": 726000000,
        "Loss from discontinued operations, net of tax": -2000000,
        "Net income": 724000000
    },
    {
        "start_date": "2016-03-30T00:00:00",
        "end_date": "2016-06-30T00:00:00",
        "sales of products": 7172000000,
        "null": 2154000000,
        "Total revenues": 8677000000,
        "Total cost of sales": -6262000000,
        "Gross profit": 2415000000,
        "Selling, general and administrative expenses": -1405000000,
        "Non-order related research and development expenses": -343000000,
        "Other income (expense), net": -20000000,
        "Income from operations": 647000000,
        "Interest and dividend income": 20000000,
        "Interest and other finance expense": -74000000,
        "Income from continuing operations before taxes": 593000000,
        "Income from continuing operations, net of tax": 407000000,
        "Net income": 406000000
    },
    {
        "start_date": "2015-12-31T00:00:00",
        "end_date": "2016-03-31T00:00:00",
        "sales of products": 6503000000,
        "null": 2184000000,
        "Total revenues": 7903000000,
        "Total cost of sales": -5545000000,
        "Gross profit": 2358000000,
        "Selling, general and administrative expenses": -1270000000,
        "Non-order related research and development expenses": -305000000,
        "Other income (expense), net": 1000000,
        "Income from operations": 784000000,
        "Interest and dividend income": 18000000,
        "Interest and other finance expense": -72000000,
        "Income from continuing operations before taxes": 730000000,
        "Income from continuing operations, net of tax": 501000000,
        "Net income": 500000000
    },
    {
        "start_date": "2015-09-30T00:00:00",
        "end_date": "2015-12-31T00:00:00",
        "sales of products": 7599000000,
        "null": 2206000000,
        "Total revenues": 9242000000,
        "Total cost of sales": -6847000000,
        "Gross profit": 2395000000,
        "Selling, general and administrative expenses": -1580000000,
        "Non-order related research and development expenses": -408000000,
        "Other income (expense), net": -60000000,
        "Income from operations": 347000000,
        "Interest and dividend income": 21000000,
        "Interest and other finance expense": -63000000,
        "Income from continuing operations before taxes": 305000000,
        "Income from continuing operations, net of tax": 203000000,
        "Net income": 204000000
    },
    {
        "start_date": "2015-06-30T00:00:00",
        "end_date": "2015-09-30T00:00:00",
        "sales of products": 7116000000,
        "null": 2223000000,
        "Total revenues": 8519000000,
        "Total cost of sales": -6001000000,
        "Gross profit": 2518000000,
        "Selling, general and administrative expenses": -1307000000,
        "Non-order related research and development expenses": -322000000,
        "Other income (expense), net": -7000000,
        "Income from operations": 882000000,
        "Interest and dividend income": 18000000,
        "Interest and other finance expense": -64000000,
        "Income from continuing operations before taxes": 836000000,
        "Income from continuing operations, net of tax": 577000000,
        "Net income": 577000000
    },
    {
        "start_date": "2015-03-30T00:00:00",
        "end_date": "2015-06-30T00:00:00",
        "sales of products": 7632000000,
        "null": 2238000000,
        "Total revenues": 9165000000,
        "Total cost of sales": -6445000000,
        "Gross profit": 2720000000,
        "Selling, general and administrative expenses": -1378000000,
        "Non-order related research and development expenses": -346000000,
        "Other income (expense), net": -35000000,
        "Income from operations": 961000000,
        "Interest and dividend income": 19000000,
        "Interest and other finance expense": -88000000,
        "Income from continuing operations before taxes": 892000000,
        "Income from continuing operations, net of tax": 590000000,
        "Net income": 588000000
    },
    {
        "start_date": "2014-12-31T00:00:00",
        "end_date": "2015-03-31T00:00:00",
        "sales of products": 7130000000,
        "null": 2256000000,
        "Total revenues": 8555000000,
        "Total cost of sales": -6054000000,
        "Gross profit": 2501000000,
        "Selling, general and administrative expenses": -1309000000,
        "Non-order related research and development expenses": -330000000,
        "Other income (expense), net": -3000000,
        "Income from operations": 859000000,
        "Interest and dividend income": 19000000,
        "Interest and other finance expense": -71000000,
        "Income from continuing operations before taxes": 807000000,
        "Income from continuing operations, net of tax": 560000000,
        "Net income": 564000000
    },
    {
        "start_date": "2014-09-30T00:00:00",
        "end_date": "2014-12-31T00:00:00",
        "sales of products": 8545000000,
        "null": 2272000000,
        "Total revenues": 10346000000,
        "Total cost of sales": -7505000000,
        "Gross profit": 2841000000,
        "Selling, general and administrative expenses": -1497000000,
        "Non-order related research and development expenses": -387000000,
        "Other income (expense), net": 92000000,
        "Income from operations": 1049000000,
        "Interest and dividend income": 23000000,
        "Interest and other finance expense": -107000000,
        "Income from continuing operations before taxes": 965000000,
        "Income from continuing operations, net of tax": 666000000,
        "Net income": 680000000
    },
    {
        "start_date": "2014-06-30T00:00:00",
        "end_date": "2014-09-30T00:00:00",
        "sales of products": 8255000000,
        "null": 2296000000,
        "Total revenues": 9823000000,
        "Total cost of sales": -7061000000,
        "Gross profit": 2762000000,
        "Selling, general and administrative expenses": -1488000000,
        "Non-order related research and development expenses": -357000000,
        "Other income (expense), net": 305000000,
        "Income from operations": 1222000000,
        "Interest and dividend income": 19000000,
        "Interest and other finance expense": -83000000,
        "Income from continuing operations before taxes": 1158000000,
        "Income from continuing operations, net of tax": 722000000,
        "Net income": 734000000
    },
    {
        "start_date": "2014-03-30T00:00:00",
        "end_date": "2014-06-30T00:00:00",
        "sales of products": 8542000000,
        "null": 2302000000,
        "Total revenues": 10190000000,
        "Total cost of sales": -7305000000,
        "Gross profit": 2885000000,
        "Selling, general and administrative expenses": -1575000000,
        "Non-order related research and development expenses": -390000000,
        "Other income (expense), net": 132000000,
        "Income from operations": 1052000000,
        "Interest and dividend income": 21000000,
        "Interest and other finance expense": -88000000,
        "Income from continuing operations before taxes": 985000000,
        "Income from continuing operations, net of tax": 637000000,
        "Loss from discontinued operations, net of tax": -1000000,
        "Net income": 636000000
    },
    {
        "start_date": "2013-12-31T00:00:00",
        "end_date": "2014-03-31T00:00:00",
        "sales of products": 7937000000,
        "null": 2311000000,
        "Total revenues": 9471000000,
        "Total cost of sales": -6744000000,
        "Gross profit": 2727000000,
        "Selling, general and administrative expenses": -1507000000,
        "Non-order related research and development expenses": -365000000,
        "Other income (expense), net": 0,
        "Income from operations": 855000000,
        "Interest and dividend income": 17000000,
        "Interest and other finance expense": -84000000,
        "Income from continuing operations before taxes": 788000000,
        "Income from continuing operations, net of tax": 545000000,
        "Loss from discontinued operations, net of tax": -1000000,
        "Net income": 544000000
    },
    {
        "start_date": "2013-06-30T00:00:00",
        "end_date": "2013-09-30T00:00:00",
        "sales of products": 8948000000,
        "null": 2305000000,
        "Total revenues": 10535000000,
        "Total cost of sales": -7361000000,
        "Gross profit": 3174000000,
        "Selling, general and administrative expenses": -1476000000,
        "Non-order related research and development expenses": -351000000,
        "Other income (expense), net": -23000000,
        "Income from operations": 1324000000,
        "Interest and dividend income": 15000000,
        "Interest and other finance expense": -122000000,
        "Income from continuing operations before taxes": 1217000000,
        "Income from continuing operations, net of tax": 838000000,
        "Net income": 835000000
    },
    {
        "start_date": "2013-03-30T00:00:00",
        "end_date": "2013-06-30T00:00:00",
        "Net income": 786000000,
        "null": 310000000
    }
]